@article{Street2014,
file = {:Users/jamal/Downloads/Blueprint{\_}Book (2).pdf:pdf},
title = {{Ontario Ehealth Blueprint}},
year = {2014}
}
@misc{,
abstract = {PIA},
title = {{eHealth Ontario | It's Working For You}},
url = {http://www.ehealthontario.on.ca/en/about-us/our-privacy-commitment/pias},
urldate = {2017-12-22}
}
@article{Cira2015,
author = {Cira, N. J. and Benusiglio, a. and Prakash, M.},
doi = {10.1038/nature14272},
issn = {0028-0836},
journal = {Nature},
month = {mar},
number = {7544},
pages = {446--450},
publisher = {Nature Publishing Group},
title = {{Vapour-mediated sensing and motility in two-component droplets}},
url = {http://www.nature.com/doifinder/10.1038/nature14272},
volume = {519},
year = {2015}
}
